4567 5950
650 520 725 617 676
910 517 1460 593 Currroonntt.
1503 513 1811 595 Frnrcas.

675 652 713 723 in
747 646 913 726 Dioscor.
940 644 1037 745 epist.
1067 668 1222 745 nuncup.
1250 666 1332 741 pag.
1362 639 1395 715 8.
1422 638 1520 740 Agn.
1553 640 1754 741 Scythicus.
1779 638 1884 716 Diu.
1914 635 1961 714 of
1982 637 2103 732 Arts;

671 749 746 823 and
774 748 945 825 sciences.
974 771 1018 844 pa
1049 800 1058 818 .
1086 743 1144 843 69.
1715 841 1722 858 ι

624 846 777 925 Obserr.
809 848 925 924 Multi
952 770 1131 918 Audores
1159 837 1371 943 scripserunt
1398 840 1442 914 de
1463 839 1573 940 Agno
1598 838 1771 940 Scythico
1787 843 1995 952 Barometsf
2023 835 2101 949 ples

669 951 775 1050 rique
808 945 980 1024 fabulose.
1006 942 1167 1041 Aliqui,
1194 942 1286 1014 inter
1311 965 1402 1038 quos
1417 938 1616 1037 Kirkepus,
1645 944 1720 1037 ejus
1745 942 1893 1040 figuram
1921 962 1995 1012 vert
2012 958 2102 1032 agni

672 1046 892 1124 liinillintam
921 1041 1191 1140 expresserunt,
1218 1063 1275 1116 tan
1306 1064 1387 1112 uam
1417 1036 1574 1114 frustum
1605 1038 1785 1140 cujusdam
1815 1043 1945 1140 plantae
1962 1038 2101 1115 summo

676 1146 787 1219 caulis
813 1145 939 1219 vertici
972 1138 1197 1213 insistentem.
1223 1065 1356 1212 Noler
1386 1164 1458 1211 non
1484 1138 1530 1213 ell
1552 1136 1715 1230 ftuttus,
1743 1141 1803 1215 sed
1822 1141 1934 1217 radix.
1960 1141 2100 1244 lstaque

675 1244 800 1319 naturd
832 1242 892 1317 sud
926 1235 1171 1337 polymorpha
1209 1234 1315 1311 facile
1343 1258 1531 1337 coaptatur
1560 1240 1646 1314 artis
1679 1238 1855 1316 beneficio
1882 1243 1920 1313 in
1946 1237 2100 1317 formam

665 1341 788 1438 agni,
815 1365 923 1441 quem
950 1335 1099 1410 Tartari
1126 1357 1259 1410 vocant
1280 1338 1498 1413 Borametz:
1527 1339 1584 1413 vel
1611 1340 1730 1438 potius
1757 1343 1794 1415 in
1826 1338 1982 1441 speciem
1998 1345 2098 1416 canis

670 1442 738 1513 rufi
768 1495 779 1530 ,
818 1463 927 1540 quem
953 1456 1028 1509 tam
1048 1432 1407 1526 Cochinchinenses,
1446 1462 1553 1535 quarn
1579 1438 1742 1515 Sinenses
1770 1440 1949 1516 idiomate
2005 1444 2098 1516 atrio

671 1540 723 1614 ita
751 1542 950 1636 nominant.
989 1536 1133 1632 Corpus
1162 1536 1397 1637 oblongum,
1438 1535 1683 1636 pilofiffimum
1723 1563 1766 1612 ex
1798 1541 1892 1614 terri
1917 1468 2100 1632 raditur,

672 1639 773 1742 quod
796 1664 840 1715 ex
861 1633 972 1713 alteri
1003 1657 1103 1735 parte
1127 1639 1221 1734 taepe
1251 1653 1450 1709 attenuatur
1479 1689 1491 1723 ,
1529 1634 1713 1734 rursusque
1746 1639 1888 1712 crassius
1921 1640 2098 1739 allurgit,

667 1761 711 1814 nt
736 1739 900 1828 collum,
926 1733 965 1808 δε
997 1753 1103 1832 caput
1129 1735 1240 1832 fingat
1269 1764 1280 1821 3
1318 1730 1490 1830 fimulque
1525 1732 1605 1806 bina
1637 1733 1877 1811 excrescentia
1911 1739 2100 1836 pendula,

672 1836 856 1940 pilosaque
881 1859 983 1911 aures
1010 1833 1237 1909 mentiuntur.
1273 1831 1330 1907 Ex
1366 1828 1514 1904 adverso
1547 1831 1666 1905 brevis
1694 1832 1849 1909 surculus
1877 1859 1898 1907 a
1922 1855 2027 1935 tergo
2057 1842 2097 1912 itt

672 1936 821 2012 caudam
845 1935 1083 2037 protenditur.
1118 1933 1286 2027 Quatuor
1311 1928 1475 2029 stipites,
1502 1930 1639 2005 abscilis
1667 1928 1890 2024 frondibus,
1918 1935 2099 2013 reservan-

665 2057 757 2127 tur,
782 2055 822 2111 ut
843 2034 954 2134 pedes
978 2031 1163 2109 fimulent:
1195 2030 1241 2105 fic
1270 2054 1312 2104 ue
1334 2052 1497 2127 agnum,
1525 2032 1582 2106 vel
1613 2054 1738 2103 canem
1762 2030 1850 2106 stare
1879 2030 2026 2131 alonge
2042 2037 2098 2110 vi·

583 2120 589 2131 ⁴
671 2136 785 2228 deas,
812 2158 966 2237 querna
991 2157 1078 2207 vero
1111 2155 1183 2205 non
1213 2130 1263 2204 dil
1281 2130 1433 2228 aguas,
1463 2127 1526 2203 nist
1561 2131 1725 2229 proxime
1755 2130 1917 2205 accedas.
1953 2131 2097 2210 Falsum

671 2234 719 2309 est
750 2233 863 2310 nullas
896 2231 1019 2307 herbas
1042 2231 1147 2328 juxta
1178 2226 1250 2303 hoc
1283 2228 1483 2325 vegetabile
1508 2228 1693 2320 crescere,
1718 2251 1778 2306 aut
1809 2228 1941 2305 servari
1969 2232 2093 2332 polle,

671 2331 768 2435 quali
805 2332 878 2409 illis
914 2353 1027 2427 agnus
1058 2327 1248 2429 Scythicus
1277 2330 1448 2427 pascatur.
1491 2329 1544 2402 At
1571 2330 1789 2404 veriffimum
1817 2328 1969 2431 probari
2001 2333 2102 2409 radiae

671 2459 751 2508 cem
781 2431 880 2508 illam
910 2427 1095 2504 carnosam
1122 2424 1273 2503 humore
1301 2448 1480 2521 cruento,
1517 2429 1705 2527 tenacique
1734 2453 1907 2520 manare,
1931 2426 2097 2531 sanguini

668 2532 878 2607 animalium
908 2526 1123 2617 simillimo,
1149 2525 1349 2602 dummodo
1383 2551 1502 2602 recens
1535 2523 1688 2618 adhuc,
1725 2552 1789 2600 nec
1802 2529 1955 2628 penitus
1987 2529 2096 2604 exlic-

666 2653 750 2705 cata
778 2627 940 2703 feriatur.
960 2620 1105 2702 Caetera
1135 2627 1341 2720 mirabilia,
1369 2652 1449 2727 quae
1480 2626 1527 2702 de
1555 2624 1620 2701 illo
1643 2626 1913 2723 praedicantur,
1939 2625 2097 2705 fabulosa

673 2727 765 2801 sunt.

616 2820 717 2911 ‚Viro
743 2824 886 2898 radicis.
913 2822 1136 2923 Allringens.
1164 2824 1378 2903 Vulneribus
1411 2823 1578 2927 impofita
1606 2823 1812 2925 sanguinem
1829 2825 1922 2902 finit.
1947 2824 2092 2904 Prodest

586 2979 590 2988 .
666 2923 708 2996 in
735 2921 987 3017 Gononhaet,
1013 2923 1053 3000 &
1079 2926 1191 3003 fluore
1217 2925 1311 3002 albo.
1722 2988 1732 3003 .

486 3187 492 3198 .
617 3123 686 3218 Sp.
709 3146 764 3198 11.
790 3122 1135 3206 POLYPODIUM
1160 3124 1475 3206 ARBOREUM.
1502 3166 1525 3204 ε
1553 3131 1615 3210 cry
1635 3134 1745 3204 Nhunr·

619 3216 749 3291 Differ.
780 3221 874 3319 spec.
900 3225 975 3299 Pol.
992 3223 1199 3321 frondibus
1229 3229 1463 3327 bipinnaris,
1500 3228 1641 3307 serratis
1669 3240 1678 3306 ⁴:
1713 3230 1879 3308 caudice*
1896 3234 2048 3317 arboreo
2076 3296 2090 3331 ‚

675 3317 813 3394 inermi.
838 3320 920 3393 Lin.
950 3320 1002 3418 sp.
1021 3344 1080 3422 59.
1213 3335 1223 3347 ‘
1859 3402 1865 3413 .

618 3412 748 3508 Hab.‚
774 3415 813 3490 δι
842 3439 949 3494 notae.
989 3419 1141 3495 Caudex
1167 3423 1365 3519 arboreus,
1393 3452 1441 3505 20
1467 3428 1604 3530 pedes,
1639 3430 1678 3505 δε
1705 3430 1795 3507 ultra
1822 3431 1981 3531 longus,
2009 3462 2091 3514 crus

668 3512 800 3590 crallus
817 3571 834 3608 ,
857 3515 1009 3607 tellus,
1046 3519 1109 3594 sub
1186 3525 1276 3598 ualis
1304 3579 1316 3616 ‚
1353 3526 1518 3603 brevibus
1550 3530 1729 3604 interdurn
1750 3527 1899 3630 spinulis
1927 3534 2090 3630 oblitus,

671 3609 821 3702 fuscus,
847 3614 1035 3713 lignosus,
1063 3548 1296 3714 aufidium,
1321 3624 1361 3699 in
1389 3647 1513 3701 centto
1541 3628 1811 3722 molliusculus',
1837 3628 2089 3733 subaquosus:

669 3710 867 3786 radicibus
884 3714 1019 3792 fibrolis
1038 3774 1050 3811 ‚
1075 3721 1270 3892 plurimis,
1296 3723 1500 3799 intricatis:
1527 3727 1649 3800 ramis
1667 3730 1783 3803 nullia.
1810 3726 1972 3804 Fronder
1990 3734 2093 3834 8·pe-

666 3811 797 3903 dales,
827 3813 1049 3913 2-pinnatae:
1106 3818 1252 3918 ipitibus
1287 3817 1563 3917 sub-teretibus,
1588 3825 1804 3902 inermibus:
1834 3823 1988 3925 foliolis
2018 3836 2094 3909 lan·

663 3911 846 4003 ceolatis,
872 3912 1042 4008 serratis,
1069 3917 1229 4015 glabris,
1255 3916 1340 3997 lert
1366 3921 1577 3999 virentibus.
1603 3924 1927 4021 Frudlificationer
1950 3929 2090 4031 punstis

670 4006 907 4102 orbiculatis,
934 4014 1046 4105 rufis,
1075 4014 1210 4186 spatiis.

616 4097 775 4179 Habitat
805 4105 842 4180 i'n
872 4109 982 4207 sylvis
1008 4112 1087 4190 Coc
1114 4113 1272 4194 inehinae
1287 4173 1299 4210 ,
1327 4119 1367 4196 in
1392 4120 1522 4200 ultimd
1552 4127 1742 4224 provincia
1764 4128 1812 4202 ad
1838 4128 2004 4205 Austrum
2030 4127 2096 4206 fita
2173 4123 2178 4127 ’

671 4226 784 4298 prope
816 4205 1072 4285 cambodiam.
2126 4233 2129 4242 Α

614 4293 809 4376 'Patmtfilix
863 4302 1003 4380 ostium.
1029 4308 1191 4408 Rumph.
1208 4313 1316 4392 Amb.
1333 4317 1358 4395 l.
1383 4340 1437 4394 ιο.
1457 4345 1489 4393 ε.
1505 4319 1565 4415 46.
1577 4345 1667 4434 pag.
1686 4319 1745 4420 63.
1764 4322 1833 4398 tab.
1848 4348 1907 4419 27.
1933 4326 2094 4426 Polypo-

668 4397 771 4570 {ium
802 4424 842 4475 ar
890 4427 1027 4500 reum,
1062 4412 1295 4509 maximum,
1331 4413 1463 4493 fronde
1492 4438 1682 4512 tenuiore,
1714 4420 1862 4497 caudice
1891 4423 2091 4504 duriffimo.

702 4521 813 4573 town.
858 4526 929 4577 am.
952 4527 1031 4603 104
1625 4525 1634 4534 ’

595 4589 726 4667 ‘Usus
753 4596 901 4675 Caudex
928 4602 965 4677 in
994 4605 1201 4687 rettiffimas
1228 4614 1366 4715 tegulas
1395 4614 1486 4692 filius
1503 4575 1586 4718 apte
1610 4618 1833 4698 substernitur
1849 4567 2017 4725 tegulis,
2033 4623 2094 4705 rel
2203 4591 2210 4608 ι
2258 4591 2259 4598 Ν

664 4691 895 4778 straminibus
926 4704 972 4782 ad
997 4706 1259 4794 conformanda
1287 4714 1477 4796 domomm
1507 4715 1601 4803 testa
1626 4722 1759 4803 diutius
1785 4724 2025 4824 permansura.

1917 4918 2071 5042 „ou
