4567 5950
569 580 641 680 568
813 574 1744 660 Monoaorr.l'onrnrtn11n;

543 704 671 801 Hab,
708 706 746 783 ἃ
777 730 883 786 notae.
912 703 1045 780 Palma
1078 722 1155 800 40,
1203 722 1264 777 aut
1297 725 1344 798 50
1377 700 1486 800 pedes
1512 700 1606 795 alta,
1632 699 1850 803 semipedem
1880 699 1918 774 in
1945 699 2022 777 dias

592 828 711 886 metro
738 807 867 884 craffa:
894 807 996 880 caule
1013 802 1232 892 restilsrmo,
1260 801 1393 893 tereti,
1419 801 1578 897 glabro,
1601 802 1743 877 cinereo
1761 855 1773 892 ‚
1805 799 1944 876 annulis
1959 821 2022 902 pa·

593 907 727 986 rallelis
763 904 942 982 dittineto.
971 902 1131 982 Fronder
1180 928 1305 992 aucae,
1337 902 1521 993 inermes,
1552 901 1753 990 reclinata,
1780 901 1925 1000 dpedes
1941 899 2024 974 lon·

592 1028 679 1105 ge,
736 1001 1060 1176 innatae:(f0liolis
1090 931 1298 1102 3-plicatis‚
1325 1001 1427 1101 apice
1454 998 1681 1102 praemorsas,
1716 998 2020 1100 3pedeslongis‚

592 1109 799 1216 opponis,
842 1102 913 1177 bat
939 1101 1212 1203 approximatis.
1240 1100 1325 1176 Flos
1350 1098 1477 1190 albus,
1505 1098 1742 1191 suaveolens,
1769 1096 1984 1173 minusculus
2009 1129 2018 1175 :

581 1200 810 1318 jpadicibus
841 1201 1081 1292 axillatibus,
1113 1196 1283 1300 spientis,
1311 1200 1491 1275 reclinatis
1511 1228 1519 1272 ε
1536 1199 1665 1299 spicis
1689 1197 1878 1276 linearibus
1897 1195 2022 1273 floscu-

591 1304 637 1381 hs
670 1300 879 1392 Masculis,
917 1298 955 1375 &
983 1299 1181 1376 Foemt'neis
1229 1298 1379 1375 confusa
1405 1300 1540 1395 mittis.
1567 1296 1710 1399 Spatha
1735 1290 1909 1398 simplex,
1942 1296 2024 1399 sub·

591 1423 719 1495 acuta,
752 1402 854 1492 alba,
880 1402 1070 1491 coriacea,
1104 1401 1251 1493 tenuis,
1277 1398 1422 1492 striata,
1452 1399 1628 1491 decidua,
1657 1397 1802 1473 defensa
1834 1396 2022 1471 involucro

580 1502 743 1604 amplo,
778 1526 821 1576 ex
853 1498 922 1575 bass
949 1498 1089 1574 frondis
1116 1497 1266 1574 dilatati
1297 1495 1507 1597 spadicem,
1532 1497 1570 1573 ὅ(
1607 1496 1768 1599 spatham
1799 1497 2021 1576 involvente.

588 1600 761 1693 Masculi
790 1598 891 1674 floris
907 1599 1019 1699 calyx
1059 1593 1243 1697 phyllos:
1260 1596 1433 1673 Foeminei
1451 1595 1659 1697 6·phyllus,
1685 1596 1915 1686 imbt‘icatus‚
1936 1597 2022 1673 inae·

561 1697 717 1801 0qualis.
754 1697 899 1775 corolla
924 1622 1106 1797 utriulipe
1138 1698 1318 1797 3·petala,
1359 1718 1491 1788 acuta,
1529 1719 1661 1786 curva,
1689 1693 1820 1771 eresta.
1847 1694 2022 1768 Stamina

585 1825 635 1900 9,
662 1798 795 1877 brevia.
821 1793 1013 1891 Pistillum
1044 1817 1091 1886 t,
1118 1793 1295 1897 superum.
1320 1795 1457 1895 Drapa
1480 1818 1611 1890 ovata,
1642 1794 1765 1886 lavis,
1801 1816 1912 1897 parvo
1946 1821 2020 1872 ovo

587 1899 790 1997 gallinaceo
820 1898 884 1973 vix
913 1894 1089 1996 aqualis:
1120 1896 1257 1971 cortice
1274 1894 1433 1987 fibros0,
1457 1893 1595 1970 etalio:
1626 1896 1807 1997 putamine
1833 1893 1929 1969 olleo
1944 1896 2020 1971 nul-

585 2000 649 2078 lo:
677 1997 801 2073 nucleo
826 1992 1072 2086 cordiformi‚
1098 1995 1277 2071 interdum
1312 1992 1582 2087 sub-rotundo,
1616 1996 1677 2070 vel
1703 2016 1840 2085 ovato,
1873 1990 2019 2090 solido,

588 2097 784 2175 substantiae
808 2097 845 2170 in
873 2097 1080 2171 maturitate
1107 2118 1274 2187 corneae,
1301 2093 1536 2186 rubescente,
1566 2098 1666 2171 venis
1692 2090 1935 2168 albicantibus

536 2195 686 2276 Habitat
714 2194 898 2273 valliffitne
925 2194 1020 2269 culta
1051 2196 1088 2267 in
1115 2194 1285 2269 omnibus
1312 2195 1457 2293 praediis
1488 2191 1779 2286 Cochinchinae‚
1807 2213 1879 2268 tam
1913 2195 2021 2269 mari·

586 2298 685 2374 rimie
701 2351 714 2388 ‚
740 2317 849 2398 quam
869 2294 1078 2370 montanis:
1108 2294 1192 2369 τιτὸ
1223 2297 1263 2369 in
1289 2291 1410 2369 China
1435 2292 1588 2370 Australi
1622 2322 1630 2367 :
1671 2318 1854 2393 uunquam
1885 2293 1923 2365 in
1947 2294 2021 2369 Bo-
2143 2330 2146 2335 ·

586 2395 690 2473 reali.
2112 2450 2119 2463 ·

536 2490 679 2579 Faufel.
722 2490 831 2570 Garc.
860 2489 1046 2571 Arum-l.
1079 2517 1111 2567 r.
1140 2517 1173 2568 e.
1202 2515 1261 2591 25.
1288 2492 1376 2568 Nux
1402 2486 1529 2569 Faufel
1547 2550 1559 2588 ‚
1602 2493 1662 2569 seu
1689 2494 1870 2592 Pinang.,
1912 2492 2019 2589 Bont.

582 2593 666 2688 Jav.
693 2593 718 2670 l.
744 2592 778 2668 6.
800 2619 833 2668 c.
866 2617 901 2667 ι.
926 2589 953 2667 f.
988 2616 1071 2693 pag.
1093 2616 1152 2691 90.
1175 2593 1334 2695 Pinanga
1352 2591 1484 2669 Ardea·
1511 2593 1673 2694 Rumpit.
1691 2591 1800 2667 Amb.
1821 2594 1844 2668 l.
1883 2613 1915 2664 r.
1933 2616 1964 2673 c,
1986 2615 2020 2690 5.

587 2692 657 2769 tab.
692 2716 745 2789 4:
773 2688 832 2766 ubi
859 2693 1000 2792 optima
1021 2691 1159 2768 arboris
1187 2694 1301 2769 icon:
1339 2690 1537 2795 descriptio
1563 2719 1650 2773 vero
1678 2750 1690 2786 ‚
1724 2716 1928 2796 quanquam
1961 2718 2021 2769 ve·

589 2789 732 2881 ridica,
761 2791 914 2864 nimium
943 2787 1068 2866 diffusa
1086 2845 1098 2884 ,
1116 2795 1167 2865 ‘ac
1194 2793 1355 2869 taediosa.

538 2888 646 2969 Usus.
673 2888 731 2965 Er
757 2885 879 2963 frusto
910 2910 1040 2966 tenero
1068 2889 1111 2964 ab
1141 2892 1277 2968 extimi
1304 2892 1474 2995 pellicula
1501 2893 1641 2986 libero,
1667 2891 1726 2969 vel
1752 2890 1915 2967 brecens
1946 2913 2018 2967 non

587 2988 790 3080 habeatur,
816 3015 859 3066 ex
887 2990 1015 3066 nucleo
1046 3013 1225 3087 mature,
1262 2990 1300 3067 &
1330 2992 1452 3084 saecu,
1481 2993 1582 3071 limul
1614 3020 1694 3071 cum
1727 2992 1822 3068 folio
1848 2994 2027 3068 aromati·

587 3115 633 3167 co
673 3089 809 3192 Piperis
835 3086 987 3181 Betele‚
1013 3089 1141 3167 addito
1181 3093 1341 3194 pauxillo
1367 3095 1476 3169 calcis
1504 3120 1547 3168 er
1574 3093 1726 3186 ostreis,
1752 3094 1792 3167 fit
1822 3090 2020 3169 masticato-

586 3192 709 3280 rium‚
736 3185 876 3265 alluetis
906 3188 1170 3288 gratianum,
1207 3196 1307 3295 quod
1334 3218 1460 3267 ornnes
1490 3194 1633 3269 lndiani
1664 3193 1838 3270 continub
1869 3193 2035 3268 volvunt..

585 3292 626 3367 in
656 3313 750 3381 ore,
774 3308 816 3365 ut
842 3288 956 3363 malus
983 3286 1161 3365 anhelitus
1178 3295 1404 3394 corrigatur,
1430 3292 1659 3394 dentesque,
1685 3319 1727 3369 ac
1744 3291 1942 3368 stomachus
1962 3316 2019 3365 to-

585 3388 770 3466 borentur.
797 3386 1009 3465 Eorundem
1039 3388 1249 3467 nucleorum
1275 3389 1430 3472 decodlo
1458 3391 1574 3468 solent
1600 3389 1822 3483 infestares,
1849 3390 1887 3467 &
1907 3388 2016 3467 fullo-

586 3514 650 3566 nes
683 3489 773 3564 telas
797 3482 1028 3589 quascunque
1052 3486 1210 3565 imbuere
1237 3546 1249 3583 ‚
1284 3511 1325 3567 ut
1345 3491 1484 3566 colores
1515 3491 1653 3569 diutius
1676 3492 1847 3587 servent,
1873 3489 1912 3565 ὅ(
1945 3515 2020 3566 me-

587 3589 657 3668 lius
685 3587 900 3689 exprimant.
944 3587 988 3663 ln
1015 3612 1125 3691 quern
1153 3588 1252 3665 usum
1284 3592 1478 3691 quotannis
1509 3592 1651 3694 aliquot
1686 3616 1794 3669 naves
1826 3594 2022 3669 Arecatios

589 3688 735 3768 nucleos
763 3682 929 3764 deferunt
961 3711 1004 3763 ex
1032 3685 1287 3766 Cochiuchiua
1314 3690 1360 3766 ad
1385 3688 1574 3785 Chium,
1599 3689 1638 3766 &
1667 3692 1822 3768 indiam.

538 3788 693 3866 Virtus:
720 3785 942 3863 nucleorum.
984 3784 1188 3881 lncldens,
1226 3788 1436 3865 Lubricans.
1476 3790 1618 3869 Prodest
1647 3794 1684 3867 in
1715 3790 1848 3894 pituita
1872 3790 2019 3867 tenacis

588 3885 675 3964 alvo
695 3885 875 3962 difficili:
902 3887 1081 3964 vermina
1107 3885 1369 3965 intestinorum.
1395 3888 1556 3969 Cotticis
1587 3890 1699 3968 fibrost
1734 3888 1925 3969 decadum
1951 3891 2021 3966 Di·

589 3982 716 4059 utestm
742 4006 946 4086 promovet.
973 3985 1031 4065 Er
1058 3986 1114 4063 his
1142 3987 1270 4090 colligi
1306 3987 1421 4090 potest
1450 4011 1580 4068 terram
1607 3992 1824 4094 Japonicatu
1839 4046 1851 4084 ,
1875 3989 1937 4067 seu
1949 3989 2024 4066 Ca·

589 4081 697 4159 techa
716 4107 798 4200 ⁶non
830 4086 906 4161 fieri
931 4111 974 4162 ex
1001 4086 1151 4182 areca,
1176 4110 1216 4167 ut
1244 4088 1337 4166 olim
1359 4090 1556 4191 putabatur.
1583 4092 1634 4169 Et
1662 4089 1932 4264 quamvishrec
1956 4113 2019 4163 co-

586 4183 684 4260 lores
714 4206 752 4256 tn
780 4180 861 4259 telis
881 4186 1060 4280 retineat,
1087 4185 1159 4262 hoc
1187 4188 1335 4289 quidem
1368 4191 1510 4289 perficit
1537 4190 1574 4267 vi
1591 4191 1671 4288 glut
1686 4211 1820 4282 nante,
1848 4215 1923 4265 non
1954 4187 2021 4262 ad-

588 4279 795 4381 stringente.
833 4281 983 4358 Nomen
1008 4283 1125 4364 Ardea
1152 4285 1314 4366 Catechu
1341 4314 1414 4366 non
1440 4287 1553 4366 solutu
1588 4288 1646 4370 est,
1662 4289 1933 4389 improprium,
1955 4283 2021 4365 sed

589 4403 794 4457 erroneum.
820 4379 885 4459 Per
909 4406 968 4476 me
995 4384 1166 4474 libentius
1192 4385 1371 4466 diceremr
1397 4387 1521 4478 araca
1541 4383 1743 4466 Harenas.

492 4578 606 4680 tsp.
625 4563 659 4657 '2.
684 4578 866 4659 nauca
891 4577 1268 4666 survasmtsja
1296 4591 1357 4654 cn
1381 4589 1464 4670 rtur·
1490 4591 1494 4600 ·
1546 4565 1551 4574 ’
1637 4610 1650 4618 ·

496 4686 503 4696 “
539 4677 668 4797 Differ.
699 4676 795 4796 lpec.
819 4682 887 4759 Ar.
916 4681 1090 4799 loliorum
1146 4673 1166 4764 ἱ
1187 4687 1311 4766 itibus
1327 4690 1513 4792 trigonis,
1536 4688 1736 4798 inetutibus
1754 4718 1766 4766 t
1780 4686 1936 4788 filiolis
1952 4692 2019 4768 tri·

590 4779 759 4881 phcatts:
782 4779 950 4885 spadyets
977 4783 1115 4890 liupila
1128 4707 1227 4891 jin
1255 4789 1433 4868 foemineo
1464 4790 1673 4907 interqduos
1699 4789 1886 4870 masculos.
2069 4823 2081 4862 ι

267 4923 272 4934 .
339 5025 343 5034 „
388 4887 409 4908 ‘
538 4876 665 4977 Hah,
690 4878 729 4956 dc
757 4903 867 4963 notae.
890 4875 1023 4970 Palma
1044 4913 1090 4969 10
1113 4891 1225 4996 pedes
1241 4891 1343 4987 alta,
1366 4889 1660 4994 lesquapolhcem
1675 4891 1908 4979 indumen
1922 4890 2018 5074 ‚ffb
2116 5001 2124 5014 ῃ

552 5063 557 5072 .
1976 5043 1996 5092 a.
